@INPROCEEDINGS{Majumdar.2017,
author={A. {Majumdar} and A. {Tripathi}},
booktitle={2017 International Joint Conference on Neural Networks (IJCNN)},
title={Asymmetric stacked autoencoder},
year={2017},
volume={},
number={},
pages={911-918},
doi={10.1109/IJCNN.2017.7965949},
ISSN={2161-4407},
month={5},}

@article{Hinton.2006,
title={Reducing the Dimensionality of Data with Neural Networks}, volume={313},
DOI={10.1126/science.1127647},
number={5786},
journal={Science},
author={G. E. {Hinton} and  R. R. {Salakhutdinov}},
year={2006},
pages={504-507},
}

